<record><leader>00000cas a22000007a 4500</leader><controlfield tag="001">14444815</controlfield><controlfield tag="008">861021d18761876pauwr ne      0    0eng d</controlfield><datafield ind1=" " ind2=" " tag="010"><subfield code="a">sn 86053814 </subfield></datafield><datafield ind1=" " ind2=" " tag="040"><subfield code="a">NPX</subfield><subfield code="b">eng</subfield><subfield code="c">NPX</subfield><subfield code="d">OCLCQ</subfield></datafield><datafield ind1=" " ind2=" " tag="042"><subfield code="a">msc</subfield></datafield><datafield ind1="0" ind2=" " tag="130"><subfield code="a">Industrial world (Osceola Mills, Pa.)</subfield></datafield><datafield ind1="1" ind2="4" tag="245"><subfield code="a">The industrial world.</subfield></datafield><datafield ind1=" " ind2=" " tag="260"><subfield code="a">Osceola [i.e. Osceola Mills], Pa. :</subfield><subfield code="b">O.E. McFadden</subfield></datafield><datafield ind1=" " ind2=" " tag="300"><subfield code="a">v.</subfield></datafield><datafield ind1=" " ind2=" " tag="310"><subfield code="a">Weekly</subfield></datafield><datafield ind1="1" ind2=" " tag="362"><subfield code="a">Began in Jan. 1876; ceased in Sept. 1876?</subfield><subfield code="z">Cf. Hist. of Clearfield Co., Pa., 1887.</subfield></datafield><datafield ind1=" " ind2=" " tag="500"><subfield code="a">"Devoted to the industries of our country and the protection of labor."</subfield></datafield><datafield ind1=" " ind2=" " tag="500"><subfield code="a">Editor: J.W. Scott, &lt;1876&gt;.</subfield></datafield><datafield ind1=" " ind2=" " tag="588"><subfield code="a">Description based on: Vol. 1, no. 5 (Feb. 4, 1876).</subfield></datafield><datafield ind1=" " ind2=" " tag="752"><subfield code="a">United States</subfield><subfield code="b">Pennsylvania</subfield><subfield code="c">Clearfield</subfield><subfield code="d">Osceola Mills.</subfield></datafield><datafield ind1="0" ind2="0" tag="780"><subfield code="t">Osceola reveille (Osceola Mills, Pa. : 1872)</subfield><subfield code="w">(DLC)sn 84026012</subfield></datafield><datafield ind1="0" ind2="0" tag="785"><subfield code="t">Campaign world</subfield></datafield><datafield ind1="1" ind2=" " tag="029"><subfield code="a">AU@</subfield><subfield code="b">000025795776</subfield></datafield></record>